@string{ijnme  ={International Journal for Numerical Methods in Engineering}}
@string{jnm  ={Journal of Numerical Methods}}

@comment 1: FEM  

@Book{zienkiewicz91,
  author =	 {Zienkiewicz, O.C.  and  Taylor, R.L.},
  title = 	 {The  finite element method},
  publisher = 	 {McGraw Hill},
  year = 	 1991,
  volume =	 {II}
}

%comment 2: NN surrogates in FEM applications 

@article{martinez2017finite,
  title={A finite element-based machine learning approach for modeling the mechanical behavior of the breast tissues under compression in real-time},
  author={Mart{\'\i}nez-Mart{\'\i}nez, Francisco and Rup{\'e}rez-Moreno, Mar{\'\i}a J and Mart{\'\i}nez-Sober, Marcelino and Solves-Llorens, Juan Antonio and Lorente, Delia and Serrano-L{\'o}pez, AJ and Mart{\'\i}nez-Sanchis, Sandra and Monserrat, C and Mart{\'\i}n-Guerrero, Jos{\'e} David},
  journal={Computers in biology and medicine},
  volume={90},
  pages={116--124},
  year={2017},
  publisher={Elsevier}
}


@article{zhang2022machine,
  title={Machine learning based inverse modeling of full-field strain distribution for mechanical characterization of a linear elastic and heterogeneous membrane},
  author={Zhang, Yuan and Guo, Lin and Brousse, Clement JA and Lee, Chung-Hao and Azoug, Aurelie and Lu, Hongbing and Wang, Shuodao},
  journal={Mechanics of Materials},
  volume={165},
  pages={104134},
  year={2022},
  publisher={Elsevier}
}

@article{pellicer2020real,
  title={Real-time biomechanical modeling of the liver using machine learning models trained on finite element method simulations},
  author={Pellicer-Valero, Oscar J and Rup{\'e}rez, Mar{\'\i}a Jos{\'e} and Mart{\'\i}nez-Sanchis, Sandra and Mart{\'\i}n-Guerrero, Jos{\'e} D},
  journal={Expert Systems with Applications},
  volume={143},
  pages={113083},
  year={2020},
  publisher={Elsevier}
}

@article{steuben2015inverse,
  title={Inverse characterization of composite materials via surrogate modeling},
  author={Steuben, John and Michopoulos, John and Iliopoulos, Athanasios and Turner, Cameron},
  journal={Composite Structures},
  volume={132},
  pages={694--708},
  year={2015},
  publisher={Elsevier}
}

%@comment 3: Material identification

@article{zerpa2019new,
  title={A new robust formulation for optical-flow/material identification problems},
  author={Zerpa, Jorge M P{\'e}rez and Talou, Gonzalo D Maso and Blanco, Pablo J},
  journal={Computer Methods in Applied Mechanics and Engineering},
  volume={351},
  pages={766--788},
  year={2019},
  publisher={Elsevier}
}
%@comment 3: Material identification with tracker 

@article{bohringer2023strategy,
  title={A strategy to train machine learning material models for finite element simulations on data acquirable from physical experiments},
  author={B{\"o}hringer, Pauline and Sommer, Daniel and Haase, Thomas and Barteczko, Martin and Sprave, Joachim and Stoll, Markus and Karadogan, Celalettin and Koch, David and Middendorf, Peter and Liewald, Mathias},
  journal={Computer Methods in Applied Mechanics and Engineering},
  volume={406},
  pages={115894},
  year={2023},
  publisher={Elsevier}
}

@article{yang2022tracker,
title = {Using lightweight convolutional neural network to track vibration displacement in rotating body video},
journal = {Mechanical Systems and Signal Processing},
volume = {177},
pages = {109137},
year = {2022},
issn = {0888-3270},
doi = {https://doi.org/10.1016/j.ymssp.2022.109137},
url = {https://www.sciencedirect.com/science/article/pii/S0888327022002977},
author = {Rongliang Yang and Sen Wang and Xing Wu and Tao Liu and Xiaoqin Liu},
keywords = {Rotating structure, Vibration displacement measurement, Deep learning, Lightweight convolution neural networks, Fuzzy target, Target detection and tracking},
abstract = {}


